@article{antonini2018blackbird,
  title={The blackbird dataset: A large-scale dataset for UAV perception in aggressive flight},
  author={Antonini, Amado and Guerra, Winter and Murali, Varun and Sayre-McCord, Thomas and Karaman, Sertac},
  journal={arXiv preprint arXiv:1810.01987},
  year={2018}
}
@article{burri2016euroc,
  title={The EuRoC micro aerial vehicle datasets},
  author={Burri, Michael and Nikolic, Janosch and Gohl, Pascal and Schneider, Thomas and Rehder, Joern and Omari, Sammy and Achtelik, Markus W and Siegwart, Roland},
  journal={The International Journal of Robotics Research},
  volume={35},
  number={10},
  pages={1157--1163},
  year={2016},
  publisher={SAGE Publications Sage UK: London, England}
}
@article{InEKF_Barrau,
    title={The Invariant Extended Kalman Filter as a Stable Observer},
    author={Axel Barrau, Silvère Bonnabel},
    journal={IEEE Transactions on Automatic Control (Volume: 62 , Issue: 4, April 2017)}
}

@article{ETHZ_DroneRacing,
    title={Are We Ready for Autonomous Drone Racing?The UZH-FPV Drone Racing Dataset},
    author={Jeffrey Delmerico, Titus Cieslewski, Henri Rebecq, Matthias Faessler, and Davide Scaramuzza},
    journal={IEEE International Conference on Robotics and Automation (ICRA)},
    year={2019}
}
@article{majdik2017zurich,
  title={The Zurich urban micro aerial vehicle dataset},
  author={Majdik, Andr{\'a}s L and Till, Charles and Scaramuzza, Davide},
  journal={The International Journal of Robotics Research},
  volume={36},
  number={3},
  pages={269--273},
  year={2017},
  publisher={SAGE Publications Sage UK: London, England}
}
@article{sun2018robust,
  title={Robust stereo visual inertial odometry for fast autonomous flight},
  author={Sun, Ke and Mohta, Kartik and Pfrommer, Bernd and Watterson, Michael and Liu, Sikang and Mulgaonkar, Yash and Taylor, Camillo J and Kumar, Vijay},
  journal={IEEE Robotics and Automation Letters},
  volume={3},
  number={2},
  pages={965--972},
  year={2018},
  publisher={IEEE}
}
@book{thrun2005probabilistic,
  title={Probabilistic Robotics},
  author={Thrun, Sebastian and Burgard, Wolfram and Fox, Dieter},
  year={2005},
  publisher={MIT Press}
}

@article{hartley2020iekf, 
    place={London, England}, 
    title={Contact-aided invariant extended Kalman filtering for robot state estimation}, 
    volume={39}, 
    DOI={10.1177/0278364919894385}, 
    number={4}, 
    journal={The International Journal of Robotics Research}, 
    publisher={SAGE Publications}, 
    author={Hartley, Ross and Ghaffari, Maani and Eustice, Ryan M and Grizzle, Jessy W}, 
    year={3/2020}, 
    pages={402–430} 
}